<?xml version="1.0" encoding="UTF-8"?><collection xmlns="http://www.loc.gov/MARC21/slim"><record><leader>00363nam--2200145-i-4500</leader><controlfield tag="001">000006684</controlfield><controlfield tag="002">20161230</controlfield><controlfield tag="005">20170114000950</controlfield><controlfield tag="008">060222s1000------------r-----000-0-eng-d</controlfield><datafield ind1=" " ind2=" " tag="100"><subfield code="a">Chargaff, Erwin</subfield></datafield><datafield ind1=" " ind2=" " tag="245"><subfield code="a">Essays on nucleic acids</subfield></datafield><datafield ind1=" " ind2=" " tag="260"><subfield code="a">Amsterdam</subfield><subfield code="b">Elsevier Publishing Co</subfield><subfield code="c">1963</subfield></datafield><datafield ind1=" " ind2=" " tag="300"><subfield code="a">XII+211 p</subfield></datafield><datafield ind1=" " ind2=" " tag="852"><subfield code="a">13874</subfield></datafield><datafield ind1=" " ind2=" " tag="CAT"><subfield code="a">SYS</subfield><subfield code="c">20170114</subfield><subfield code="h">000950</subfield></datafield></record></collection>